@article{fama1970efficient,
  title={Efficient capital markets: A review of theory and empirical work},
  author={Fama, Eugene F},
  journal={The journal of Finance},
  volume={25},
  number={2},
  pages={383--417},
  year={1970},
  publisher={JSTOR}
}

@article{ledoit2004well,
  title={A well-conditioned estimator for large-dimensional covariance matrices},
  author={Ledoit, Olivier and Wolf, Michael},
  journal={Journal of multivariate analysis},
  volume={88},
  number={2},
  pages={365--411},
  year={2004},
  publisher={Elsevier}
}

@article{menchero2015efficiently,
  title={Efficiently Combining multiple sources of alpha},
  author={Menchero, Jose and Lee, Jyh-Huei},
  journal={The Journal of Investment Management},
  volume={13},
  number={4},
  pages={71--86},
  year={2015}
}

@article{huatai,
  title={华泰多因子系列之十：因子合成方法实证分析},
  author={林晓明 and 陈烨 and 何康},
  journal={华泰证券研究所},
  year={2019}
}

@article{zx,
  title={多因子量化选股系列专题研究：破局低信噪比，基于深度学习的因子优化研究},
  author={汪洋 and 王兆宇 et.al},
  journal={中信证券研究所},
  year={2021}
}